%YAML 1.1
%TAG !u! tag:unity3d.com,2011:
--- !u!29 &1
OcclusionCullingSettings:
  m_ObjectHideFlags: 0
  serializedVersion: 2
  m_OcclusionBakeSettings:
    smallestOccluder: 5
    smallestHole: 0.25
    backfaceThreshold: 100
  m_SceneGUID: 00000000000000000000000000000000
  m_OcclusionCullingData: {fileID: 0}
--- !u!104 &2
RenderSettings:
  m_ObjectHideFlags: 0
  serializedVersion: 9
  m_Fog: 0
  m_FogColor: {r: 0.5, g: 0.5, b: 0.5, a: 1}
  m_FogMode: 3
  m_FogDensity: 0.01
  m_LinearFogStart: 0
  m_LinearFogEnd: 300
  m_AmbientSkyColor: {r: 0.9481132, g: 1, b: 0.95022243, a: 1}
  m_AmbientEquatorColor: {r: 0.4245283, g: 0.4245283, b: 0.4245283, a: 1}
  m_AmbientGroundColor: {r: 0, g: 0, b: 0, a: 1}
  m_AmbientIntensity: 1
  m_AmbientMode: 1
  m_SubtractiveShadowColor: {r: 0.42, g: 0.478, b: 0.627, a: 1}
  m_SkyboxMaterial: {fileID: 10304, guid: 0000000000000000f000000000000000, type: 0}
  m_HaloStrength: 0.5
  m_FlareStrength: 1
  m_FlareFadeSpeed: 3
  m_HaloTexture: {fileID: 0}
  m_SpotCookie: {fileID: 10001, guid: 0000000000000000e000000000000000, type: 0}
  m_DefaultReflectionMode: 0
  m_DefaultReflectionResolution: 128
  m_ReflectionBounces: 1
  m_ReflectionIntensity: 1
  m_CustomReflection: {fileID: 0}
  m_Sun: {fileID: 0}
  m_IndirectSpecularColor: {r: 0.44657898, g: 0.4964133, b: 0.5748178, a: 1}
  m_UseRadianceAmbientProbe: 0
--- !u!157 &3
LightmapSettings:
  m_ObjectHideFlags: 0
  serializedVersion: 12
  m_GIWorkflowMode: 1
  m_GISettings:
    serializedVersion: 2
    m_BounceScale: 1
    m_IndirectOutputScale: 1
    m_AlbedoBoost: 1
    m_EnvironmentLightingMode: 0
    m_EnableBakedLightmaps: 1
    m_EnableRealtimeLightmaps: 0
  m_LightmapEditorSettings:
    serializedVersion: 12
    m_Resolution: 2
    m_BakeResolution: 40
    m_AtlasSize: 1024
    m_AO: 0
    m_AOMaxDistance: 1
    m_CompAOExponent: 1
    m_CompAOExponentDirect: 0
    m_ExtractAmbientOcclusion: 0
    m_Padding: 2
    m_LightmapParameters: {fileID: 0}
    m_LightmapsBakeMode: 1
    m_TextureCompression: 1
    m_FinalGather: 0
    m_FinalGatherFiltering: 1
    m_FinalGatherRayCount: 256
    m_ReflectionCompression: 2
    m_MixedBakeMode: 2
    m_BakeBackend: 1
    m_PVRSampling: 1
    m_PVRDirectSampleCount: 32
    m_PVRSampleCount: 512
    m_PVRBounces: 2
    m_PVREnvironmentSampleCount: 256
    m_PVREnvironmentReferencePointCount: 2048
    m_PVRFilteringMode: 1
    m_PVRDenoiserTypeDirect: 1
    m_PVRDenoiserTypeIndirect: 1
    m_PVRDenoiserTypeAO: 1
    m_PVRFilterTypeDirect: 0
    m_PVRFilterTypeIndirect: 0
    m_PVRFilterTypeAO: 0
    m_PVREnvironmentMIS: 1
    m_PVRCulling: 1
    m_PVRFilteringGaussRadiusDirect: 1
    m_PVRFilteringGaussRadiusIndirect: 5
    m_PVRFilteringGaussRadiusAO: 2
    m_PVRFilteringAtrousPositionSigmaDirect: 0.5
    m_PVRFilteringAtrousPositionSigmaIndirect: 2
    m_PVRFilteringAtrousPositionSigmaAO: 1
    m_ExportTrainingData: 0
    m_TrainingDataDestination: TrainingData
    m_LightProbeSampleCountMultiplier: 4
  m_LightingDataAsset: {fileID: 0}
  m_LightingSettings: {fileID: 0}
--- !u!196 &4
NavMeshSettings:
  serializedVersion: 2
  m_ObjectHideFlags: 0
  m_BuildSettings:
    serializedVersion: 2
    agentTypeID: 0
    agentRadius: 0.5
    agentHeight: 2
    agentSlope: 45
    agentClimb: 0.4
    ledgeDropHeight: 0
    maxJumpAcrossDistance: 0
    minRegionArea: 2
    manualCellSize: 0
    cellSize: 0.16666667
    manualTileSize: 0
    tileSize: 256
    accuratePlacement: 0
    maxJobWorkers: 0
    preserveTilesOutsideBounds: 0
    debug:
      m_Flags: 0
  m_NavMeshData: {fileID: 0}
--- !u!1 &71573487
GameObject:
  m_ObjectHideFlags: 0
  m_CorrespondingSourceObject: {fileID: 0}
  m_PrefabInstance: {fileID: 0}
  m_PrefabAsset: {fileID: 0}
  serializedVersion: 6
  m_Component:
  - component: {fileID: 71573488}
  - component: {fileID: 71573490}
  - component: {fileID: 71573489}
  m_Layer: 5
  m_Name: Panel
  m_TagString: Untagged
  m_Icon: {fileID: 0}
  m_NavMeshLayer: 0
  m_StaticEditorFlags: 0
  m_IsActive: 1
--- !u!224 &71573488
RectTransform:
  m_ObjectHideFlags: 0
  m_CorrespondingSourceObject: {fileID: 0}
  m_PrefabInstance: {fileID: 0}
  m_PrefabAsset: {fileID: 0}
  m_GameObject: {fileID: 71573487}
  m_LocalRotation: {x: 0, y: 0, z: 0, w: 1}
  m_LocalPosition: {x: 0, y: 0, z: 0}
  m_LocalScale: {x: 1, y: 1, z: 1}
  m_Children: []
  m_Father: {fileID: 1927123015}
  m_RootOrder: 0
  m_LocalEulerAnglesHint: {x: 0, y: 0, z: 0}
  m_AnchorMin: {x: 0, y: 0}
  m_AnchorMax: {x: 0, y: 0}
  m_AnchoredPosition: {x: 0, y: 0}
  m_SizeDelta: {x: 720, y: 1280}
  m_Pivot: {x: 0.5, y: 0.5}
--- !u!114 &71573489
MonoBehaviour:
  m_ObjectHideFlags: 0
  m_CorrespondingSourceObject: {fileID: 0}
  m_PrefabInstance: {fileID: 0}
  m_PrefabAsset: {fileID: 0}
  m_GameObject: {fileID: 71573487}
  m_Enabled: 1
  m_EditorHideFlags: 0
  m_Script: {fileID: 11500000, guid: fe87c0e1cc204ed48ad3b37840f39efc, type: 3}
  m_Name: 
  m_EditorClassIdentifier: 
  m_Material: {fileID: 0}
  m_Color: {r: 1, g: 1, b: 1, a: 0}
  m_RaycastTarget: 1
  m_RaycastPadding: {x: 0, y: 0, z: 0, w: 0}
  m_Maskable: 1
  m_OnCullStateChanged:
    m_PersistentCalls:
      m_Calls: []
  m_Sprite: {fileID: 10907, guid: 0000000000000000f000000000000000, type: 0}
  m_Type: 1
  m_PreserveAspect: 0
  m_FillCenter: 1
  m_FillMethod: 4
  m_FillAmount: 1
  m_FillClockwise: 1
  m_FillOrigin: 0
  m_UseSpriteMesh: 0
  m_PixelsPerUnitMultiplier: 1
--- !u!222 &71573490
CanvasRenderer:
  m_ObjectHideFlags: 0
  m_CorrespondingSourceObject: {fileID: 0}
  m_PrefabInstance: {fileID: 0}
  m_PrefabAsset: {fileID: 0}
  m_GameObject: {fileID: 71573487}
  m_CullTransparentMesh: 0
--- !u!1001 &76070156
PrefabInstance:
  m_ObjectHideFlags: 0
  serializedVersion: 2
  m_Modification:
    m_TransformParent: {fileID: 194236410}
    m_Modifications:
    - target: {fileID: 505355568033282436, guid: f18400361610d5b4ebb87ff44a9e88cf, type: 3}
      propertyPath: m_RootOrder
      value: 5
      objectReference: {fileID: 0}
    - target: {fileID: 505355568033282436, guid: f18400361610d5b4ebb87ff44a9e88cf, type: 3}
      propertyPath: m_LocalScale.x
      value: 125
      objectReference: {fileID: 0}
    - target: {fileID: 505355568033282436, guid: f18400361610d5b4ebb87ff44a9e88cf, type: 3}
      propertyPath: m_LocalScale.y
      value: 125
      objectReference: {fileID: 0}
    - target: {fileID: 505355568033282436, guid: f18400361610d5b4ebb87ff44a9e88cf, type: 3}
      propertyPath: m_LocalScale.z
      value: 0.01
      objectReference: {fileID: 0}
    - target: {fileID: 505355568033282436, guid: f18400361610d5b4ebb87ff44a9e88cf, type: 3}
      propertyPath: m_LocalPosition.x
      value: 0
      objectReference: {fileID: 0}
    - target: {fileID: 505355568033282436, guid: f18400361610d5b4ebb87ff44a9e88cf, type: 3}
      propertyPath: m_LocalPosition.y
      value: 0.95
      objectReference: {fileID: 0}
    - target: {fileID: 505355568033282436, guid: f18400361610d5b4ebb87ff44a9e88cf, type: 3}
      propertyPath: m_LocalPosition.z
      value: 0
      objectReference: {fileID: 0}
    - target: {fileID: 505355568033282436, guid: f18400361610d5b4ebb87ff44a9e88cf, type: 3}
      propertyPath: m_LocalRotation.w
      value: 0
      objectReference: {fileID: 0}
    - target: {fileID: 505355568033282436, guid: f18400361610d5b4ebb87ff44a9e88cf, type: 3}
      propertyPath: m_LocalRotation.x
      value: 0
      objectReference: {fileID: 0}
    - target: {fileID: 505355568033282436, guid: f18400361610d5b4ebb87ff44a9e88cf, type: 3}
      propertyPath: m_LocalRotation.y
      value: 0.7071068
      objectReference: {fileID: 0}
    - target: {fileID: 505355568033282436, guid: f18400361610d5b4ebb87ff44a9e88cf, type: 3}
      propertyPath: m_LocalRotation.z
      value: 0.7071068
      objectReference: {fileID: 0}
    - target: {fileID: 505355568033282436, guid: f18400361610d5b4ebb87ff44a9e88cf, type: 3}
      propertyPath: m_LocalEulerAnglesHint.x
      value: -90
      objectReference: {fileID: 0}
    - target: {fileID: 505355568033282436, guid: f18400361610d5b4ebb87ff44a9e88cf, type: 3}
      propertyPath: m_LocalEulerAnglesHint.y
      value: 0
      objectReference: {fileID: 0}
    - target: {fileID: 505355568033282436, guid: f18400361610d5b4ebb87ff44a9e88cf, type: 3}
      propertyPath: m_LocalEulerAnglesHint.z
      value: 180
      objectReference: {fileID: 0}
    - target: {fileID: 885153704348738366, guid: f18400361610d5b4ebb87ff44a9e88cf, type: 3}
      propertyPath: m_Name
      value: Segment (5)
      objectReference: {fileID: 0}
    m_RemovedComponents: []
  m_SourcePrefab: {fileID: 100100000, guid: f18400361610d5b4ebb87ff44a9e88cf, type: 3}
--- !u!1001 &186961590
PrefabInstance:
  m_ObjectHideFlags: 0
  serializedVersion: 2
  m_Modification:
    m_TransformParent: {fileID: 0}
    m_Modifications:
    - target: {fileID: 5729787833925701641, guid: 8d37a6a0eb2f97e4caee2e85071b47be, type: 3}
      propertyPath: m_RootOrder
      value: 4
      objectReference: {fileID: 0}
    - target: {fileID: 5729787833925701641, guid: 8d37a6a0eb2f97e4caee2e85071b47be, type: 3}
      propertyPath: m_LocalScale.x
      value: 0.4
      objectReference: {fileID: 0}
    - target: {fileID: 5729787833925701641, guid: 8d37a6a0eb2f97e4caee2e85071b47be, type: 3}
      propertyPath: m_LocalScale.y
      value: 0.4
      objectReference: {fileID: 0}
    - target: {fileID: 5729787833925701641, guid: 8d37a6a0eb2f97e4caee2e85071b47be, type: 3}
      propertyPath: m_LocalScale.z
      value: 0.4
      objectReference: {fileID: 0}
    - target: {fileID: 5729787833925701641, guid: 8d37a6a0eb2f97e4caee2e85071b47be, type: 3}
      propertyPath: m_LocalPosition.x
      value: 0.25
      objectReference: {fileID: 0}
    - target: {fileID: 5729787833925701641, guid: 8d37a6a0eb2f97e4caee2e85071b47be, type: 3}
      propertyPath: m_LocalPosition.y
      value: 0.9
      objectReference: {fileID: 0}
    - target: {fileID: 5729787833925701641, guid: 8d37a6a0eb2f97e4caee2e85071b47be, type: 3}
      propertyPath: m_LocalPosition.z
      value: 0.35
      objectReference: {fileID: 0}
    - target: {fileID: 5729787833925701641, guid: 8d37a6a0eb2f97e4caee2e85071b47be, type: 3}
      propertyPath: m_LocalRotation.w
      value: 1
      objectReference: {fileID: 0}
    - target: {fileID: 5729787833925701641, guid: 8d37a6a0eb2f97e4caee2e85071b47be, type: 3}
      propertyPath: m_LocalRotation.x
      value: 0
      objectReference: {fileID: 0}
    - target: {fileID: 5729787833925701641, guid: 8d37a6a0eb2f97e4caee2e85071b47be, type: 3}
      propertyPath: m_LocalRotation.y
      value: 0
      objectReference: {fileID: 0}
    - target: {fileID: 5729787833925701641, guid: 8d37a6a0eb2f97e4caee2e85071b47be, type: 3}
      propertyPath: m_LocalRotation.z
      value: 0
      objectReference: {fileID: 0}
    - target: {fileID: 5729787833925701641, guid: 8d37a6a0eb2f97e4caee2e85071b47be, type: 3}
      propertyPath: m_LocalEulerAnglesHint.x
      value: 0
      objectReference: {fileID: 0}
    - target: {fileID: 5729787833925701641, guid: 8d37a6a0eb2f97e4caee2e85071b47be, type: 3}
      propertyPath: m_LocalEulerAnglesHint.y
      value: 0
      objectReference: {fileID: 0}
    - target: {fileID: 5729787833925701641, guid: 8d37a6a0eb2f97e4caee2e85071b47be, type: 3}
      propertyPath: m_LocalEulerAnglesHint.z
      value: 0
      objectReference: {fileID: 0}
    - target: {fileID: 5729787833925701642, guid: 8d37a6a0eb2f97e4caee2e85071b47be, type: 3}
      propertyPath: _jumpForce
      value: 6
      objectReference: {fileID: 0}
    - target: {fileID: 5729787833925701684, guid: 8d37a6a0eb2f97e4caee2e85071b47be, type: 3}
      propertyPath: m_Name
      value: Ball
      objectReference: {fileID: 0}
    m_RemovedComponents: []
  m_SourcePrefab: {fileID: 100100000, guid: 8d37a6a0eb2f97e4caee2e85071b47be, type: 3}
--- !u!4 &194236410 stripped
Transform:
  m_CorrespondingSourceObject: {fileID: 932533968807457667, guid: ec46c9da601f3c842b78fd85c70d3b10, type: 3}
  m_PrefabInstance: {fileID: 1430636506}
  m_PrefabAsset: {fileID: 0}
--- !u!1001 &218077967
PrefabInstance:
  m_ObjectHideFlags: 0
  serializedVersion: 2
  m_Modification:
    m_TransformParent: {fileID: 194236410}
    m_Modifications:
    - target: {fileID: 505355568033282436, guid: f18400361610d5b4ebb87ff44a9e88cf, type: 3}
      propertyPath: m_RootOrder
      value: 2
      objectReference: {fileID: 0}
    - target: {fileID: 505355568033282436, guid: f18400361610d5b4ebb87ff44a9e88cf, type: 3}
      propertyPath: m_LocalScale.x
      value: 125
      objectReference: {fileID: 0}
    - target: {fileID: 505355568033282436, guid: f18400361610d5b4ebb87ff44a9e88cf, type: 3}
      propertyPath: m_LocalScale.y
      value: 125
      objectReference: {fileID: 0}
    - target: {fileID: 505355568033282436, guid: f18400361610d5b4ebb87ff44a9e88cf, type: 3}
      propertyPath: m_LocalScale.z
      value: 0.01
      objectReference: {fileID: 0}
    - target: {fileID: 505355568033282436, guid: f18400361610d5b4ebb87ff44a9e88cf, type: 3}
      propertyPath: m_LocalPosition.x
      value: 0
      objectReference: {fileID: 0}
    - target: {fileID: 505355568033282436, guid: f18400361610d5b4ebb87ff44a9e88cf, type: 3}
      propertyPath: m_LocalPosition.y
      value: 0.95
      objectReference: {fileID: 0}
    - target: {fileID: 505355568033282436, guid: f18400361610d5b4ebb87ff44a9e88cf, type: 3}
      propertyPath: m_LocalPosition.z
      value: 0
      objectReference: {fileID: 0}
    - target: {fileID: 505355568033282436, guid: f18400361610d5b4ebb87ff44a9e88cf, type: 3}
      propertyPath: m_LocalRotation.w
      value: 0.5
      objectReference: {fileID: 0}
    - target: {fileID: 505355568033282436, guid: f18400361610d5b4ebb87ff44a9e88cf, type: 3}
      propertyPath: m_LocalRotation.x
      value: -0.5
      objectReference: {fileID: 0}
    - target: {fileID: 505355568033282436, guid: f18400361610d5b4ebb87ff44a9e88cf, type: 3}
      propertyPath: m_LocalRotation.y
      value: 0.5
      objectReference: {fileID: 0}
    - target: {fileID: 505355568033282436, guid: f18400361610d5b4ebb87ff44a9e88cf, type: 3}
      propertyPath: m_LocalRotation.z
      value: 0.5
      objectReference: {fileID: 0}
    - target: {fileID: 505355568033282436, guid: f18400361610d5b4ebb87ff44a9e88cf, type: 3}
      propertyPath: m_LocalEulerAnglesHint.x
      value: -90
      objectReference: {fileID: 0}
    - target: {fileID: 505355568033282436, guid: f18400361610d5b4ebb87ff44a9e88cf, type: 3}
      propertyPath: m_LocalEulerAnglesHint.y
      value: 0
      objectReference: {fileID: 0}
    - target: {fileID: 505355568033282436, guid: f18400361610d5b4ebb87ff44a9e88cf, type: 3}
      propertyPath: m_LocalEulerAnglesHint.z
      value: 90
      objectReference: {fileID: 0}
    - target: {fileID: 885153704348738366, guid: f18400361610d5b4ebb87ff44a9e88cf, type: 3}
      propertyPath: m_Name
      value: Segment (2)
      objectReference: {fileID: 0}
    m_RemovedComponents: []
  m_SourcePrefab: {fileID: 100100000, guid: f18400361610d5b4ebb87ff44a9e88cf, type: 3}
--- !u!1 &293484756
GameObject:
  m_ObjectHideFlags: 0
  m_CorrespondingSourceObject: {fileID: 0}
  m_PrefabInstance: {fileID: 0}
  m_PrefabAsset: {fileID: 0}
  serializedVersion: 6
  m_Component:
  - component: {fileID: 293484757}
  - component: {fileID: 293484760}
  - component: {fileID: 293484759}
  - component: {fileID: 293484758}
  m_Layer: 5
  m_Name: Viewport
  m_TagString: Untagged
  m_Icon: {fileID: 0}
  m_NavMeshLayer: 0
  m_StaticEditorFlags: 0
  m_IsActive: 1
--- !u!224 &293484757
RectTransform:
  m_ObjectHideFlags: 0
  m_CorrespondingSourceObject: {fileID: 0}
  m_PrefabInstance: {fileID: 0}
  m_PrefabAsset: {fileID: 0}
  m_GameObject: {fileID: 293484756}
  m_LocalRotation: {x: -0, y: -0, z: -0, w: 1}
  m_LocalPosition: {x: 0, y: 0, z: 0}
  m_LocalScale: {x: 1, y: 1, z: 1}
  m_Children:
  - {fileID: 1927123015}
  m_Father: {fileID: 514480377}
  m_RootOrder: 0
  m_LocalEulerAnglesHint: {x: 0, y: 0, z: 0}
  m_AnchorMin: {x: 0, y: 0}
  m_AnchorMax: {x: 1, y: 1}
  m_AnchoredPosition: {x: 0, y: 0}
  m_SizeDelta: {x: -17, y: 0}
  m_Pivot: {x: 0, y: 1}
--- !u!114 &293484758
MonoBehaviour:
  m_ObjectHideFlags: 0
  m_CorrespondingSourceObject: {fileID: 0}
  m_PrefabInstance: {fileID: 0}
  m_PrefabAsset: {fileID: 0}
  m_GameObject: {fileID: 293484756}
  m_Enabled: 1
  m_EditorHideFlags: 0
  m_Script: {fileID: 11500000, guid: 31a19414c41e5ae4aae2af33fee712f6, type: 3}
  m_Name: 
  m_EditorClassIdentifier: 
  m_ShowMaskGraphic: 0
--- !u!114 &293484759
MonoBehaviour:
  m_ObjectHideFlags: 0
  m_CorrespondingSourceObject: {fileID: 0}
  m_PrefabInstance: {fileID: 0}
  m_PrefabAsset: {fileID: 0}
  m_GameObject: {fileID: 293484756}
  m_Enabled: 1
  m_EditorHideFlags: 0
  m_Script: {fileID: 11500000, guid: fe87c0e1cc204ed48ad3b37840f39efc, type: 3}
  m_Name: 
  m_EditorClassIdentifier: 
  m_Material: {fileID: 0}
  m_Color: {r: 1, g: 1, b: 1, a: 1}
  m_RaycastTarget: 1
  m_RaycastPadding: {x: 0, y: 0, z: 0, w: 0}
  m_Maskable: 1
  m_OnCullStateChanged:
    m_PersistentCalls:
      m_Calls: []
  m_Sprite: {fileID: 10917, guid: 0000000000000000f000000000000000, type: 0}
  m_Type: 1
  m_PreserveAspect: 0
  m_FillCenter: 1
  m_FillMethod: 4
  m_FillAmount: 1
  m_FillClockwise: 1
  m_FillOrigin: 0
  m_UseSpriteMesh: 0
  m_PixelsPerUnitMultiplier: 1
--- !u!222 &293484760
CanvasRenderer:
  m_ObjectHideFlags: 0
  m_CorrespondingSourceObject: {fileID: 0}
  m_PrefabInstance: {fileID: 0}
  m_PrefabAsset: {fileID: 0}
  m_GameObject: {fileID: 293484756}
  m_CullTransparentMesh: 0
--- !u!1 &300766710
GameObject:
  m_ObjectHideFlags: 0
  m_CorrespondingSourceObject: {fileID: 0}
  m_PrefabInstance: {fileID: 0}
  m_PrefabAsset: {fileID: 0}
  serializedVersion: 6
  m_Component:
  - component: {fileID: 300766712}
  - component: {fileID: 300766711}
  m_Layer: 0
  m_Name: Directional Light
  m_TagString: Untagged
  m_Icon: {fileID: 0}
  m_NavMeshLayer: 0
  m_StaticEditorFlags: 0
  m_IsActive: 1
--- !u!108 &300766711
Light:
  m_ObjectHideFlags: 0
  m_CorrespondingSourceObject: {fileID: 0}
  m_PrefabInstance: {fileID: 0}
  m_PrefabAsset: {fileID: 0}
  m_GameObject: {fileID: 300766710}
  m_Enabled: 1
  serializedVersion: 10
  m_Type: 1
  m_Shape: 0
  m_Color: {r: 1, g: 0.95686275, b: 0.8392157, a: 1}
  m_Intensity: 1
  m_Range: 10
  m_SpotAngle: 30
  m_InnerSpotAngle: 21.80208
  m_CookieSize: 10
  m_Shadows:
    m_Type: 2
    m_Resolution: -1
    m_CustomResolution: -1
    m_Strength: 1
    m_Bias: 0.05
    m_NormalBias: 0.4
    m_NearPlane: 0.2
    m_CullingMatrixOverride:
      e00: 1
      e01: 0
      e02: 0
      e03: 0
      e10: 0
      e11: 1
      e12: 0
      e13: 0
      e20: 0
      e21: 0
      e22: 1
      e23: 0
      e30: 0
      e31: 0
      e32: 0
      e33: 1
    m_UseCullingMatrixOverride: 0
  m_Cookie: {fileID: 0}
  m_DrawHalo: 0
  m_Flare: {fileID: 0}
  m_RenderMode: 0
  m_CullingMask:
    serializedVersion: 2
    m_Bits: 4294967295
  m_RenderingLayerMask: 1
  m_Lightmapping: 4
  m_LightShadowCasterMode: 0
  m_AreaSize: {x: 1, y: 1}
  m_BounceIntensity: 1
  m_ColorTemperature: 6570
  m_UseColorTemperature: 0
  m_BoundingSphereOverride: {x: 0, y: 0, z: 0, w: 0}
  m_UseBoundingSphereOverride: 0
  m_UseViewFrustumForShadowCasterCull: 1
  m_ShadowRadius: 0
  m_ShadowAngle: 0
--- !u!4 &300766712
Transform:
  m_ObjectHideFlags: 0
  m_CorrespondingSourceObject: {fileID: 0}
  m_PrefabInstance: {fileID: 0}
  m_PrefabAsset: {fileID: 0}
  m_GameObject: {fileID: 300766710}
  m_LocalRotation: {x: 0.40821788, y: -0.23456968, z: 0.10938163, w: 0.8754261}
  m_LocalPosition: {x: 0, y: 3, z: 0}
  m_LocalScale: {x: 1, y: 1, z: 1}
  m_Children: []
  m_Father: {fileID: 0}
  m_RootOrder: 2
  m_LocalEulerAnglesHint: {x: 50, y: -30, z: 0}
--- !u!1 &388939408
GameObject:
  m_ObjectHideFlags: 0
  m_CorrespondingSourceObject: {fileID: 0}
  m_PrefabInstance: {fileID: 0}
  m_PrefabAsset: {fileID: 0}
  serializedVersion: 6
  m_Component:
  - component: {fileID: 388939410}
  - component: {fileID: 388939409}
  m_Layer: 0
  m_Name: TypedProcessor
  m_TagString: Untagged
  m_Icon: {fileID: 0}
  m_NavMeshLayer: 0
  m_StaticEditorFlags: 0
  m_IsActive: 1
--- !u!114 &388939409
MonoBehaviour:
  m_ObjectHideFlags: 0
  m_CorrespondingSourceObject: {fileID: 0}
  m_PrefabInstance: {fileID: 0}
  m_PrefabAsset: {fileID: 0}
  m_GameObject: {fileID: 388939408}
  m_Enabled: 1
  m_EditorHideFlags: 0
  m_Script: {fileID: 11500000, guid: b75bc3aeafff29d4294a27937966d3bb, type: 3}
  m_Name: 
  m_EditorClassIdentifier: 
--- !u!4 &388939410
Transform:
  m_ObjectHideFlags: 0
  m_CorrespondingSourceObject: {fileID: 0}
  m_PrefabInstance: {fileID: 0}
  m_PrefabAsset: {fileID: 0}
  m_GameObject: {fileID: 388939408}
  m_LocalRotation: {x: 0, y: 0, z: 0, w: 1}
  m_LocalPosition: {x: 0, y: 0, z: 0}
  m_LocalScale: {x: 1, y: 1, z: 1}
  m_Children: []
  m_Father: {fileID: 0}
  m_RootOrder: 5
  m_LocalEulerAnglesHint: {x: 0, y: 0, z: 0}
--- !u!1 &514480376
GameObject:
  m_ObjectHideFlags: 0
  m_CorrespondingSourceObject: {fileID: 0}
  m_PrefabInstance: {fileID: 0}
  m_PrefabAsset: {fileID: 0}
  serializedVersion: 6
  m_Component:
  - component: {fileID: 514480377}
  - component: {fileID: 514480380}
  - component: {fileID: 514480379}
  - component: {fileID: 514480378}
  - component: {fileID: 514480381}
  m_Layer: 5
  m_Name: LevelMenu
  m_TagString: Untagged
  m_Icon: {fileID: 0}
  m_NavMeshLayer: 0
  m_StaticEditorFlags: 0
  m_IsActive: 1
--- !u!224 &514480377
RectTransform:
  m_ObjectHideFlags: 0
  m_CorrespondingSourceObject: {fileID: 0}
  m_PrefabInstance: {fileID: 0}
  m_PrefabAsset: {fileID: 0}
  m_GameObject: {fileID: 514480376}
  m_LocalRotation: {x: 0, y: 0, z: 0, w: 1}
  m_LocalPosition: {x: 0, y: 0, z: 0}
  m_LocalScale: {x: 1, y: 1, z: 1}
  m_Children:
  - {fileID: 293484757}
  m_Father: {fileID: 718495179}
  m_RootOrder: 0
  m_LocalEulerAnglesHint: {x: 0, y: 0, z: 0}
  m_AnchorMin: {x: 0, y: 0}
  m_AnchorMax: {x: 1, y: 1}
  m_AnchoredPosition: {x: 0, y: 0}
  m_SizeDelta: {x: 0, y: 0}
  m_Pivot: {x: 0.5, y: 0.5}
--- !u!114 &514480378
MonoBehaviour:
  m_ObjectHideFlags: 0
  m_CorrespondingSourceObject: {fileID: 0}
  m_PrefabInstance: {fileID: 0}
  m_PrefabAsset: {fileID: 0}
  m_GameObject: {fileID: 514480376}
  m_Enabled: 1
  m_EditorHideFlags: 0
  m_Script: {fileID: 11500000, guid: 1aa08ab6e0800fa44ae55d278d1423e3, type: 3}
  m_Name: 
  m_EditorClassIdentifier: 
  m_Content: {fileID: 1927123015}
  m_Horizontal: 0
  m_Vertical: 1
  m_MovementType: 1
  m_Elasticity: 0.1
  m_Inertia: 1
  m_DecelerationRate: 0.135
  m_ScrollSensitivity: 1
  m_Viewport: {fileID: 293484757}
  m_HorizontalScrollbar: {fileID: 0}
  m_VerticalScrollbar: {fileID: 0}
  m_HorizontalScrollbarVisibility: 1
  m_VerticalScrollbarVisibility: 1
  m_HorizontalScrollbarSpacing: -3
  m_VerticalScrollbarSpacing: -3
  m_OnValueChanged:
    m_PersistentCalls:
      m_Calls: []
--- !u!114 &514480379
MonoBehaviour:
  m_ObjectHideFlags: 0
  m_CorrespondingSourceObject: {fileID: 0}
  m_PrefabInstance: {fileID: 0}
  m_PrefabAsset: {fileID: 0}
  m_GameObject: {fileID: 514480376}
  m_Enabled: 1
  m_EditorHideFlags: 0
  m_Script: {fileID: 11500000, guid: fe87c0e1cc204ed48ad3b37840f39efc, type: 3}
  m_Name: 
  m_EditorClassIdentifier: 
  m_Material: {fileID: 0}
  m_Color: {r: 1, g: 1, b: 1, a: 0}
  m_RaycastTarget: 1
  m_RaycastPadding: {x: 0, y: 0, z: 0, w: 0}
  m_Maskable: 1
  m_OnCullStateChanged:
    m_PersistentCalls:
      m_Calls: []
  m_Sprite: {fileID: 10907, guid: 0000000000000000f000000000000000, type: 0}
  m_Type: 1
  m_PreserveAspect: 0
  m_FillCenter: 1
  m_FillMethod: 4
  m_FillAmount: 1
  m_FillClockwise: 1
  m_FillOrigin: 0
  m_UseSpriteMesh: 0
  m_PixelsPerUnitMultiplier: 1
--- !u!222 &514480380
CanvasRenderer:
  m_ObjectHideFlags: 0
  m_CorrespondingSourceObject: {fileID: 0}
  m_PrefabInstance: {fileID: 0}
  m_PrefabAsset: {fileID: 0}
  m_GameObject: {fileID: 514480376}
  m_CullTransparentMesh: 0
--- !u!114 &514480381
MonoBehaviour:
  m_ObjectHideFlags: 0
  m_CorrespondingSourceObject: {fileID: 0}
  m_PrefabInstance: {fileID: 0}
  m_PrefabAsset: {fileID: 0}
  m_GameObject: {fileID: 514480376}
  m_Enabled: 1
  m_EditorHideFlags: 0
  m_Script: {fileID: 11500000, guid: 7676e510b12fc5e4a861a34c1942dce7, type: 3}
  m_Name: 
  m_EditorClassIdentifier: 
  _menuContent: {fileID: 1927123014}
  _item: {fileID: 8140336616572155028, guid: dc8d592c240fea74fafb4de390c9f5e7, type: 3}
  _levels:
  - {fileID: 11400000, guid: 464f2ad726a2c764fbf49fc3e1455e1c, type: 2}
  - {fileID: 11400000, guid: c1e4748335ed39142a334112698b0d5d, type: 2}
  - {fileID: 11400000, guid: 2eaf16cb55c19284c9d5336f08df4c56, type: 2}
  - {fileID: 11400000, guid: 19197c470c5e1704dbadcff5a6b52110, type: 2}
  - {fileID: 11400000, guid: b1c6a9912ab043d479742e01d31967b4, type: 2}
  - {fileID: 11400000, guid: 5e1964433bd92d84589b812bb40e4524, type: 2}
  - {fileID: 11400000, guid: 3e3d88c2aec5dea45a56b8e1be70da37, type: 2}
  - {fileID: 11400000, guid: cff21a63c61f24e4091f60e5ae3fb01e, type: 2}
  - {fileID: 11400000, guid: 933e4eeb1331ee04598172a4ebb9e432, type: 2}
--- !u!1001 &554007104
PrefabInstance:
  m_ObjectHideFlags: 0
  serializedVersion: 2
  m_Modification:
    m_TransformParent: {fileID: 194236410}
    m_Modifications:
    - target: {fileID: 505355568033282436, guid: f18400361610d5b4ebb87ff44a9e88cf, type: 3}
      propertyPath: m_RootOrder
      value: 0
      objectReference: {fileID: 0}
    - target: {fileID: 505355568033282436, guid: f18400361610d5b4ebb87ff44a9e88cf, type: 3}
      propertyPath: m_LocalScale.x
      value: 125
      objectReference: {fileID: 0}
    - target: {fileID: 505355568033282436, guid: f18400361610d5b4ebb87ff44a9e88cf, type: 3}
      propertyPath: m_LocalScale.y
      value: 125
      objectReference: {fileID: 0}
    - target: {fileID: 505355568033282436, guid: f18400361610d5b4ebb87ff44a9e88cf, type: 3}
      propertyPath: m_LocalScale.z
      value: 0.01
      objectReference: {fileID: 0}
    - target: {fileID: 505355568033282436, guid: f18400361610d5b4ebb87ff44a9e88cf, type: 3}
      propertyPath: m_LocalPosition.x
      value: 0
      objectReference: {fileID: 0}
    - target: {fileID: 505355568033282436, guid: f18400361610d5b4ebb87ff44a9e88cf, type: 3}
      propertyPath: m_LocalPosition.y
      value: 0.95
      objectReference: {fileID: 0}
    - target: {fileID: 505355568033282436, guid: f18400361610d5b4ebb87ff44a9e88cf, type: 3}
      propertyPath: m_LocalPosition.z
      value: 0
      objectReference: {fileID: 0}
    - target: {fileID: 505355568033282436, guid: f18400361610d5b4ebb87ff44a9e88cf, type: 3}
      propertyPath: m_LocalRotation.w
      value: 0.6830127
      objectReference: {fileID: 0}
    - target: {fileID: 505355568033282436, guid: f18400361610d5b4ebb87ff44a9e88cf, type: 3}
      propertyPath: m_LocalRotation.x
      value: -0.6830127
      objectReference: {fileID: 0}
    - target: {fileID: 505355568033282436, guid: f18400361610d5b4ebb87ff44a9e88cf, type: 3}
      propertyPath: m_LocalRotation.y
      value: 0.18301274
      objectReference: {fileID: 0}
    - target: {fileID: 505355568033282436, guid: f18400361610d5b4ebb87ff44a9e88cf, type: 3}
      propertyPath: m_LocalRotation.z
      value: 0.18301274
      objectReference: {fileID: 0}
    - target: {fileID: 505355568033282436, guid: f18400361610d5b4ebb87ff44a9e88cf, type: 3}
      propertyPath: m_LocalEulerAnglesHint.x
      value: -90
      objectReference: {fileID: 0}
    - target: {fileID: 505355568033282436, guid: f18400361610d5b4ebb87ff44a9e88cf, type: 3}
      propertyPath: m_LocalEulerAnglesHint.y
      value: 0
      objectReference: {fileID: 0}
    - target: {fileID: 505355568033282436, guid: f18400361610d5b4ebb87ff44a9e88cf, type: 3}
      propertyPath: m_LocalEulerAnglesHint.z
      value: 30
      objectReference: {fileID: 0}
    - target: {fileID: 885153704348738366, guid: f18400361610d5b4ebb87ff44a9e88cf, type: 3}
      propertyPath: m_Name
      value: Segment
      objectReference: {fileID: 0}
    m_RemovedComponents: []
  m_SourcePrefab: {fileID: 100100000, guid: f18400361610d5b4ebb87ff44a9e88cf, type: 3}
--- !u!1 &718495175
GameObject:
  m_ObjectHideFlags: 0
  m_CorrespondingSourceObject: {fileID: 0}
  m_PrefabInstance: {fileID: 0}
  m_PrefabAsset: {fileID: 0}
  serializedVersion: 6
  m_Component:
  - component: {fileID: 718495179}
  - component: {fileID: 718495178}
  - component: {fileID: 718495177}
  - component: {fileID: 718495176}
  m_Layer: 5
  m_Name: Canvas
  m_TagString: Untagged
  m_Icon: {fileID: 0}
  m_NavMeshLayer: 0
  m_StaticEditorFlags: 0
  m_IsActive: 1
--- !u!114 &718495176
MonoBehaviour:
  m_ObjectHideFlags: 0
  m_CorrespondingSourceObject: {fileID: 0}
  m_PrefabInstance: {fileID: 0}
  m_PrefabAsset: {fileID: 0}
  m_GameObject: {fileID: 718495175}
  m_Enabled: 1
  m_EditorHideFlags: 0
  m_Script: {fileID: 11500000, guid: dc42784cf147c0c48a680349fa168899, type: 3}
  m_Name: 
  m_EditorClassIdentifier: 
  m_IgnoreReversedGraphics: 1
  m_BlockingObjects: 0
  m_BlockingMask:
    serializedVersion: 2
    m_Bits: 4294967295
--- !u!114 &718495177
MonoBehaviour:
  m_ObjectHideFlags: 0
  m_CorrespondingSourceObject: {fileID: 0}
  m_PrefabInstance: {fileID: 0}
  m_PrefabAsset: {fileID: 0}
  m_GameObject: {fileID: 718495175}
  m_Enabled: 1
  m_EditorHideFlags: 0
  m_Script: {fileID: 11500000, guid: 0cd44c1031e13a943bb63640046fad76, type: 3}
  m_Name: 
  m_EditorClassIdentifier: 
  m_UiScaleMode: 0
  m_ReferencePixelsPerUnit: 100
  m_ScaleFactor: 1
  m_ReferenceResolution: {x: 800, y: 600}
  m_ScreenMatchMode: 0
  m_MatchWidthOrHeight: 0
  m_PhysicalUnit: 3
  m_FallbackScreenDPI: 96
  m_DefaultSpriteDPI: 96
  m_DynamicPixelsPerUnit: 1
  m_PresetInfoIsWorld: 0
--- !u!223 &718495178
Canvas:
  m_ObjectHideFlags: 0
  m_CorrespondingSourceObject: {fileID: 0}
  m_PrefabInstance: {fileID: 0}
  m_PrefabAsset: {fileID: 0}
  m_GameObject: {fileID: 718495175}
  m_Enabled: 1
  serializedVersion: 3
  m_RenderMode: 0
  m_Camera: {fileID: 0}
  m_PlaneDistance: 100
  m_PixelPerfect: 0
  m_ReceivesEvents: 1
  m_OverrideSorting: 0
  m_OverridePixelPerfect: 0
  m_SortingBucketNormalizedSize: 0
  m_AdditionalShaderChannelsFlag: 0
  m_SortingLayerID: 0
  m_SortingOrder: 0
  m_TargetDisplay: 0
--- !u!224 &718495179
RectTransform:
  m_ObjectHideFlags: 0
  m_CorrespondingSourceObject: {fileID: 0}
  m_PrefabInstance: {fileID: 0}
  m_PrefabAsset: {fileID: 0}
  m_GameObject: {fileID: 718495175}
  m_LocalRotation: {x: 0, y: 0, z: 0, w: 1}
  m_LocalPosition: {x: 0, y: 0, z: 0}
  m_LocalScale: {x: 0, y: 0, z: 0}
  m_Children:
  - {fileID: 514480377}
  m_Father: {fileID: 0}
  m_RootOrder: 7
  m_LocalEulerAnglesHint: {x: 0, y: 0, z: 0}
  m_AnchorMin: {x: 0, y: 0}
  m_AnchorMax: {x: 0, y: 0}
  m_AnchoredPosition: {x: 0, y: 0}
  m_SizeDelta: {x: 0, y: 0}
  m_Pivot: {x: 0, y: 0}
--- !u!1 &935074841
GameObject:
  m_ObjectHideFlags: 0
  m_CorrespondingSourceObject: {fileID: 0}
  m_PrefabInstance: {fileID: 0}
  m_PrefabAsset: {fileID: 0}
  serializedVersion: 6
  m_Component:
  - component: {fileID: 935074844}
  - component: {fileID: 935074843}
  - component: {fileID: 935074842}
  m_Layer: 0
  m_Name: Main Camera
  m_TagString: MainCamera
  m_Icon: {fileID: 0}
  m_NavMeshLayer: 0
  m_StaticEditorFlags: 0
  m_IsActive: 1
--- !u!81 &935074842
AudioListener:
  m_ObjectHideFlags: 0
  m_CorrespondingSourceObject: {fileID: 0}
  m_PrefabInstance: {fileID: 0}
  m_PrefabAsset: {fileID: 0}
  m_GameObject: {fileID: 935074841}
  m_Enabled: 1
--- !u!20 &935074843
Camera:
  m_ObjectHideFlags: 0
  m_CorrespondingSourceObject: {fileID: 0}
  m_PrefabInstance: {fileID: 0}
  m_PrefabAsset: {fileID: 0}
  m_GameObject: {fileID: 935074841}
  m_Enabled: 1
  serializedVersion: 2
  m_ClearFlags: 2
  m_BackGroundColor: {r: 0.99607843, g: 0.8509804, b: 0.7176471, a: 1}
  m_projectionMatrixMode: 1
  m_GateFitMode: 2
  m_FOVAxisMode: 0
  m_SensorSize: {x: 36, y: 24}
  m_LensShift: {x: 0, y: 0}
  m_FocalLength: 50
  m_NormalizedViewPortRect:
    serializedVersion: 2
    x: 0
    y: 0
    width: 1
    height: 1
  near clip plane: 0.3
  far clip plane: 1000
  field of view: 60
  orthographic: 0
  orthographic size: 5
  m_Depth: -1
  m_CullingMask:
    serializedVersion: 2
    m_Bits: 4294967295
  m_RenderingPath: -1
  m_TargetTexture: {fileID: 0}
  m_TargetDisplay: 0
  m_TargetEye: 3
  m_HDR: 1
  m_AllowMSAA: 1
  m_AllowDynamicResolution: 0
  m_ForceIntoRT: 0
  m_OcclusionCulling: 1
  m_StereoConvergence: 10
  m_StereoSeparation: 0.022
--- !u!4 &935074844
Transform:
  m_ObjectHideFlags: 0
  m_CorrespondingSourceObject: {fileID: 0}
  m_PrefabInstance: {fileID: 0}
  m_PrefabAsset: {fileID: 0}
  m_GameObject: {fileID: 935074841}
  m_LocalRotation: {x: 0.10827097, y: -0.69876856, z: 0.10827099, w: 0.6987685}
  m_LocalPosition: {x: 3, y: 3, z: 0.15}
  m_LocalScale: {x: 1, y: 1, z: 1}
  m_Children: []
  m_Father: {fileID: 0}
  m_RootOrder: 0
  m_LocalEulerAnglesHint: {x: 17.615, y: -90, z: 0}
--- !u!1001 &935759734
PrefabInstance:
  m_ObjectHideFlags: 0
  serializedVersion: 2
  m_Modification:
    m_TransformParent: {fileID: 194236410}
    m_Modifications:
    - target: {fileID: 505355568033282436, guid: f18400361610d5b4ebb87ff44a9e88cf, type: 3}
      propertyPath: m_RootOrder
      value: 3
      objectReference: {fileID: 0}
    - target: {fileID: 505355568033282436, guid: f18400361610d5b4ebb87ff44a9e88cf, type: 3}
      propertyPath: m_LocalScale.x
      value: 125
      objectReference: {fileID: 0}
    - target: {fileID: 505355568033282436, guid: f18400361610d5b4ebb87ff44a9e88cf, type: 3}
      propertyPath: m_LocalScale.y
      value: 125
      objectReference: {fileID: 0}
    - target: {fileID: 505355568033282436, guid: f18400361610d5b4ebb87ff44a9e88cf, type: 3}
      propertyPath: m_LocalScale.z
      value: 0.01
      objectReference: {fileID: 0}
    - target: {fileID: 505355568033282436, guid: f18400361610d5b4ebb87ff44a9e88cf, type: 3}
      propertyPath: m_LocalPosition.x
      value: 0
      objectReference: {fileID: 0}
    - target: {fileID: 505355568033282436, guid: f18400361610d5b4ebb87ff44a9e88cf, type: 3}
      propertyPath: m_LocalPosition.y
      value: 0.95
      objectReference: {fileID: 0}
    - target: {fileID: 505355568033282436, guid: f18400361610d5b4ebb87ff44a9e88cf, type: 3}
      propertyPath: m_LocalPosition.z
      value: 0
      objectReference: {fileID: 0}
    - target: {fileID: 505355568033282436, guid: f18400361610d5b4ebb87ff44a9e88cf, type: 3}
      propertyPath: m_LocalRotation.w
      value: 0.35355335
      objectReference: {fileID: 0}
    - target: {fileID: 505355568033282436, guid: f18400361610d5b4ebb87ff44a9e88cf, type: 3}
      propertyPath: m_LocalRotation.x
      value: -0.35355335
      objectReference: {fileID: 0}
    - target: {fileID: 505355568033282436, guid: f18400361610d5b4ebb87ff44a9e88cf, type: 3}
      propertyPath: m_LocalRotation.y
      value: 0.61237246
      objectReference: {fileID: 0}
    - target: {fileID: 505355568033282436, guid: f18400361610d5b4ebb87ff44a9e88cf, type: 3}
      propertyPath: m_LocalRotation.z
      value: 0.61237246
      objectReference: {fileID: 0}
    - target: {fileID: 505355568033282436, guid: f18400361610d5b4ebb87ff44a9e88cf, type: 3}
      propertyPath: m_LocalEulerAnglesHint.x
      value: -90
      objectReference: {fileID: 0}
    - target: {fileID: 505355568033282436, guid: f18400361610d5b4ebb87ff44a9e88cf, type: 3}
      propertyPath: m_LocalEulerAnglesHint.y
      value: 0
      objectReference: {fileID: 0}
    - target: {fileID: 505355568033282436, guid: f18400361610d5b4ebb87ff44a9e88cf, type: 3}
      propertyPath: m_LocalEulerAnglesHint.z
      value: 120
      objectReference: {fileID: 0}
    - target: {fileID: 885153704348738366, guid: f18400361610d5b4ebb87ff44a9e88cf, type: 3}
      propertyPath: m_Name
      value: Segment (3)
      objectReference: {fileID: 0}
    m_RemovedComponents: []
  m_SourcePrefab: {fileID: 100100000, guid: f18400361610d5b4ebb87ff44a9e88cf, type: 3}
--- !u!1 &942347611
GameObject:
  m_ObjectHideFlags: 0
  m_CorrespondingSourceObject: {fileID: 0}
  m_PrefabInstance: {fileID: 0}
  m_PrefabAsset: {fileID: 0}
  serializedVersion: 6
  m_Component:
  - component: {fileID: 942347612}
  m_Layer: 0
  m_Name: Platform
  m_TagString: Untagged
  m_Icon: {fileID: 0}
  m_NavMeshLayer: 0
  m_StaticEditorFlags: 0
  m_IsActive: 1
--- !u!4 &942347612
Transform:
  m_ObjectHideFlags: 0
  m_CorrespondingSourceObject: {fileID: 0}
  m_PrefabInstance: {fileID: 0}
  m_PrefabAsset: {fileID: 0}
  m_GameObject: {fileID: 942347611}
  m_LocalRotation: {x: 0, y: 0, z: 0, w: 1}
  m_LocalPosition: {x: -0.34254894, y: -1.5722661, z: 1.08}
  m_LocalScale: {x: 1, y: 1, z: 1}
  m_Children:
  - {fileID: 194236410}
  m_Father: {fileID: 0}
  m_RootOrder: 6
  m_LocalEulerAnglesHint: {x: 0, y: 0, z: 0}
--- !u!1 &997342275
GameObject:
  m_ObjectHideFlags: 0
  m_CorrespondingSourceObject: {fileID: 0}
  m_PrefabInstance: {fileID: 0}
  m_PrefabAsset: {fileID: 0}
  serializedVersion: 6
  m_Component:
  - component: {fileID: 997342278}
  - component: {fileID: 997342277}
  - component: {fileID: 997342276}
  m_Layer: 0
  m_Name: EventSystem
  m_TagString: Untagged
  m_Icon: {fileID: 0}
  m_NavMeshLayer: 0
  m_StaticEditorFlags: 0
  m_IsActive: 1
--- !u!114 &997342276
MonoBehaviour:
  m_ObjectHideFlags: 0
  m_CorrespondingSourceObject: {fileID: 0}
  m_PrefabInstance: {fileID: 0}
  m_PrefabAsset: {fileID: 0}
  m_GameObject: {fileID: 997342275}
  m_Enabled: 1
  m_EditorHideFlags: 0
  m_Script: {fileID: 11500000, guid: 4f231c4fb786f3946a6b90b886c48677, type: 3}
  m_Name: 
  m_EditorClassIdentifier: 
  m_HorizontalAxis: Horizontal
  m_VerticalAxis: Vertical
  m_SubmitButton: Submit
  m_CancelButton: Cancel
  m_InputActionsPerSecond: 10
  m_RepeatDelay: 0.5
  m_ForceModuleActive: 0
--- !u!114 &997342277
MonoBehaviour:
  m_ObjectHideFlags: 0
  m_CorrespondingSourceObject: {fileID: 0}
  m_PrefabInstance: {fileID: 0}
  m_PrefabAsset: {fileID: 0}
  m_GameObject: {fileID: 997342275}
  m_Enabled: 1
  m_EditorHideFlags: 0
  m_Script: {fileID: 11500000, guid: 76c392e42b5098c458856cdf6ecaaaa1, type: 3}
  m_Name: 
  m_EditorClassIdentifier: 
  m_FirstSelected: {fileID: 0}
  m_sendNavigationEvents: 1
  m_DragThreshold: 10
--- !u!4 &997342278
Transform:
  m_ObjectHideFlags: 0
  m_CorrespondingSourceObject: {fileID: 0}
  m_PrefabInstance: {fileID: 0}
  m_PrefabAsset: {fileID: 0}
  m_GameObject: {fileID: 997342275}
  m_LocalRotation: {x: 0, y: 0, z: 0, w: 1}
  m_LocalPosition: {x: 0, y: 0, z: 0}
  m_LocalScale: {x: 1, y: 1, z: 1}
  m_Children: []
  m_Father: {fileID: 0}
  m_RootOrder: 3
  m_LocalEulerAnglesHint: {x: 0, y: 0, z: 0}
--- !u!1001 &1074458800
PrefabInstance:
  m_ObjectHideFlags: 0
  serializedVersion: 2
  m_Modification:
    m_TransformParent: {fileID: 194236410}
    m_Modifications:
    - target: {fileID: 505355568033282436, guid: f18400361610d5b4ebb87ff44a9e88cf, type: 3}
      propertyPath: m_RootOrder
      value: 1
      objectReference: {fileID: 0}
    - target: {fileID: 505355568033282436, guid: f18400361610d5b4ebb87ff44a9e88cf, type: 3}
      propertyPath: m_LocalScale.x
      value: 125
      objectReference: {fileID: 0}
    - target: {fileID: 505355568033282436, guid: f18400361610d5b4ebb87ff44a9e88cf, type: 3}
      propertyPath: m_LocalScale.y
      value: 125
      objectReference: {fileID: 0}
    - target: {fileID: 505355568033282436, guid: f18400361610d5b4ebb87ff44a9e88cf, type: 3}
      propertyPath: m_LocalScale.z
      value: 0.01
      objectReference: {fileID: 0}
    - target: {fileID: 505355568033282436, guid: f18400361610d5b4ebb87ff44a9e88cf, type: 3}
      propertyPath: m_LocalPosition.x
      value: 0
      objectReference: {fileID: 0}
    - target: {fileID: 505355568033282436, guid: f18400361610d5b4ebb87ff44a9e88cf, type: 3}
      propertyPath: m_LocalPosition.y
      value: 0.95
      objectReference: {fileID: 0}
    - target: {fileID: 505355568033282436, guid: f18400361610d5b4ebb87ff44a9e88cf, type: 3}
      propertyPath: m_LocalPosition.z
      value: 0
      objectReference: {fileID: 0}
    - target: {fileID: 505355568033282436, guid: f18400361610d5b4ebb87ff44a9e88cf, type: 3}
      propertyPath: m_LocalRotation.w
      value: 0.61237246
      objectReference: {fileID: 0}
    - target: {fileID: 505355568033282436, guid: f18400361610d5b4ebb87ff44a9e88cf, type: 3}
      propertyPath: m_LocalRotation.x
      value: -0.61237246
      objectReference: {fileID: 0}
    - target: {fileID: 505355568033282436, guid: f18400361610d5b4ebb87ff44a9e88cf, type: 3}
      propertyPath: m_LocalRotation.y
      value: 0.3535534
      objectReference: {fileID: 0}
    - target: {fileID: 505355568033282436, guid: f18400361610d5b4ebb87ff44a9e88cf, type: 3}
      propertyPath: m_LocalRotation.z
      value: 0.3535534
      objectReference: {fileID: 0}
    - target: {fileID: 505355568033282436, guid: f18400361610d5b4ebb87ff44a9e88cf, type: 3}
      propertyPath: m_LocalEulerAnglesHint.x
      value: -90
      objectReference: {fileID: 0}
    - target: {fileID: 505355568033282436, guid: f18400361610d5b4ebb87ff44a9e88cf, type: 3}
      propertyPath: m_LocalEulerAnglesHint.y
      value: 0
      objectReference: {fileID: 0}
    - target: {fileID: 505355568033282436, guid: f18400361610d5b4ebb87ff44a9e88cf, type: 3}
      propertyPath: m_LocalEulerAnglesHint.z
      value: 60
      objectReference: {fileID: 0}
    - target: {fileID: 885153704348738366, guid: f18400361610d5b4ebb87ff44a9e88cf, type: 3}
      propertyPath: m_Name
      value: Segment (1)
      objectReference: {fileID: 0}
    m_RemovedComponents: []
  m_SourcePrefab: {fileID: 100100000, guid: f18400361610d5b4ebb87ff44a9e88cf, type: 3}
--- !u!1 &1327061516
GameObject:
  m_ObjectHideFlags: 0
  m_CorrespondingSourceObject: {fileID: 0}
  m_PrefabInstance: {fileID: 0}
  m_PrefabAsset: {fileID: 0}
  serializedVersion: 6
  m_Component:
  - component: {fileID: 1327061520}
  - component: {fileID: 1327061519}
  - component: {fileID: 1327061518}
  - component: {fileID: 1327061517}
  m_Layer: 5
  m_Name: Canvas
  m_TagString: Untagged
  m_Icon: {fileID: 0}
  m_NavMeshLayer: 0
  m_StaticEditorFlags: 0
  m_IsActive: 1
--- !u!114 &1327061517
MonoBehaviour:
  m_ObjectHideFlags: 0
  m_CorrespondingSourceObject: {fileID: 0}
  m_PrefabInstance: {fileID: 0}
  m_PrefabAsset: {fileID: 0}
  m_GameObject: {fileID: 1327061516}
  m_Enabled: 1
  m_EditorHideFlags: 0
  m_Script: {fileID: 11500000, guid: dc42784cf147c0c48a680349fa168899, type: 3}
  m_Name: 
  m_EditorClassIdentifier: 
  m_IgnoreReversedGraphics: 1
  m_BlockingObjects: 0
  m_BlockingMask:
    serializedVersion: 2
    m_Bits: 4294967295
--- !u!114 &1327061518
MonoBehaviour:
  m_ObjectHideFlags: 0
  m_CorrespondingSourceObject: {fileID: 0}
  m_PrefabInstance: {fileID: 0}
  m_PrefabAsset: {fileID: 0}
  m_GameObject: {fileID: 1327061516}
  m_Enabled: 1
  m_EditorHideFlags: 0
  m_Script: {fileID: 11500000, guid: 0cd44c1031e13a943bb63640046fad76, type: 3}
  m_Name: 
  m_EditorClassIdentifier: 
  m_UiScaleMode: 1
  m_ReferencePixelsPerUnit: 100
  m_ScaleFactor: 1
  m_ReferenceResolution: {x: 1280, y: 720}
  m_ScreenMatchMode: 0
  m_MatchWidthOrHeight: 0
  m_PhysicalUnit: 3
  m_FallbackScreenDPI: 96
  m_DefaultSpriteDPI: 96
  m_DynamicPixelsPerUnit: 1
  m_PresetInfoIsWorld: 0
--- !u!223 &1327061519
Canvas:
  m_ObjectHideFlags: 0
  m_CorrespondingSourceObject: {fileID: 0}
  m_PrefabInstance: {fileID: 0}
  m_PrefabAsset: {fileID: 0}
  m_GameObject: {fileID: 1327061516}
  m_Enabled: 1
  serializedVersion: 3
  m_RenderMode: 1
  m_Camera: {fileID: 935074843}
  m_PlaneDistance: 100
  m_PixelPerfect: 1
  m_ReceivesEvents: 1
  m_OverrideSorting: 0
  m_OverridePixelPerfect: 0
  m_SortingBucketNormalizedSize: 0
  m_AdditionalShaderChannelsFlag: 25
  m_SortingLayerID: 0
  m_SortingOrder: 0
  m_TargetDisplay: 0
--- !u!224 &1327061520
RectTransform:
  m_ObjectHideFlags: 0
  m_CorrespondingSourceObject: {fileID: 0}
  m_PrefabInstance: {fileID: 0}
  m_PrefabAsset: {fileID: 0}
  m_GameObject: {fileID: 1327061516}
  m_LocalRotation: {x: 0, y: 0, z: 0, w: 1}
  m_LocalPosition: {x: 0, y: 0, z: 0}
  m_LocalScale: {x: 0, y: 0, z: 0}
  m_Children:
  - {fileID: 1651910854}
  m_Father: {fileID: 0}
  m_RootOrder: 1
  m_LocalEulerAnglesHint: {x: 0, y: 0, z: 0}
  m_AnchorMin: {x: 0, y: 0}
  m_AnchorMax: {x: 0, y: 0}
  m_AnchoredPosition: {x: 0, y: 0}
  m_SizeDelta: {x: 0, y: 0}
  m_Pivot: {x: 0, y: 0}
--- !u!1001 &1430636506
PrefabInstance:
  m_ObjectHideFlags: 0
  serializedVersion: 2
  m_Modification:
    m_TransformParent: {fileID: 942347612}
    m_Modifications:
    - target: {fileID: 932533968807457667, guid: ec46c9da601f3c842b78fd85c70d3b10, type: 3}
      propertyPath: m_RootOrder
      value: 0
      objectReference: {fileID: 0}
    - target: {fileID: 932533968807457667, guid: ec46c9da601f3c842b78fd85c70d3b10, type: 3}
      propertyPath: m_LocalScale.x
      value: 1
      objectReference: {fileID: 0}
    - target: {fileID: 932533968807457667, guid: ec46c9da601f3c842b78fd85c70d3b10, type: 3}
      propertyPath: m_LocalScale.y
      value: 1
      objectReference: {fileID: 0}
    - target: {fileID: 932533968807457667, guid: ec46c9da601f3c842b78fd85c70d3b10, type: 3}
      propertyPath: m_LocalScale.z
      value: 1
      objectReference: {fileID: 0}
    - target: {fileID: 932533968807457667, guid: ec46c9da601f3c842b78fd85c70d3b10, type: 3}
      propertyPath: m_LocalPosition.x
      value: 0.4
      objectReference: {fileID: 0}
    - target: {fileID: 932533968807457667, guid: ec46c9da601f3c842b78fd85c70d3b10, type: 3}
      propertyPath: m_LocalPosition.y
      value: 1.2
      objectReference: {fileID: 0}
    - target: {fileID: 932533968807457667, guid: ec46c9da601f3c842b78fd85c70d3b10, type: 3}
      propertyPath: m_LocalPosition.z
      value: 0.15
      objectReference: {fileID: 0}
    - target: {fileID: 932533968807457667, guid: ec46c9da601f3c842b78fd85c70d3b10, type: 3}
      propertyPath: m_LocalRotation.w
      value: 1
      objectReference: {fileID: 0}
    - target: {fileID: 932533968807457667, guid: ec46c9da601f3c842b78fd85c70d3b10, type: 3}
      propertyPath: m_LocalRotation.x
      value: 0
      objectReference: {fileID: 0}
    - target: {fileID: 932533968807457667, guid: ec46c9da601f3c842b78fd85c70d3b10, type: 3}
      propertyPath: m_LocalRotation.y
      value: 0
      objectReference: {fileID: 0}
    - target: {fileID: 932533968807457667, guid: ec46c9da601f3c842b78fd85c70d3b10, type: 3}
      propertyPath: m_LocalRotation.z
      value: 0
      objectReference: {fileID: 0}
    - target: {fileID: 932533968807457667, guid: ec46c9da601f3c842b78fd85c70d3b10, type: 3}
      propertyPath: m_LocalEulerAnglesHint.x
      value: 0
      objectReference: {fileID: 0}
    - target: {fileID: 932533968807457667, guid: ec46c9da601f3c842b78fd85c70d3b10, type: 3}
      propertyPath: m_LocalEulerAnglesHint.y
      value: 0
      objectReference: {fileID: 0}
    - target: {fileID: 932533968807457667, guid: ec46c9da601f3c842b78fd85c70d3b10, type: 3}
      propertyPath: m_LocalEulerAnglesHint.z
      value: 0
      objectReference: {fileID: 0}
    - target: {fileID: 4223894398546221205, guid: ec46c9da601f3c842b78fd85c70d3b10, type: 3}
      propertyPath: m_Name
      value: Beam
      objectReference: {fileID: 0}
    m_RemovedComponents: []
  m_SourcePrefab: {fileID: 100100000, guid: ec46c9da601f3c842b78fd85c70d3b10, type: 3}
--- !u!1 &1651910853
GameObject:
  m_ObjectHideFlags: 0
  m_CorrespondingSourceObject: {fileID: 0}
  m_PrefabInstance: {fileID: 0}
  m_PrefabAsset: {fileID: 0}
  serializedVersion: 6
  m_Component:
  - component: {fileID: 1651910854}
  - component: {fileID: 1651910856}
  - component: {fileID: 1651910855}
  m_Layer: 5
  m_Name: Header
  m_TagString: Untagged
  m_Icon: {fileID: 0}
  m_NavMeshLayer: 0
  m_StaticEditorFlags: 0
  m_IsActive: 1
--- !u!224 &1651910854
RectTransform:
  m_ObjectHideFlags: 0
  m_CorrespondingSourceObject: {fileID: 0}
  m_PrefabInstance: {fileID: 0}
  m_PrefabAsset: {fileID: 0}
  m_GameObject: {fileID: 1651910853}
  m_LocalRotation: {x: 0, y: 0, z: 0, w: 1}
  m_LocalPosition: {x: 0, y: 0, z: -150}
  m_LocalScale: {x: 1, y: 1, z: 1}
  m_Children: []
  m_Father: {fileID: 1327061520}
  m_RootOrder: 0
  m_LocalEulerAnglesHint: {x: 0, y: 0, z: 0}
  m_AnchorMin: {x: 0, y: 0.25}
  m_AnchorMax: {x: 1, y: 1}
  m_AnchoredPosition: {x: 0, y: 0}
  m_SizeDelta: {x: 0, y: 0}
  m_Pivot: {x: 0.5, y: 0.5}
--- !u!114 &1651910855
MonoBehaviour:
  m_ObjectHideFlags: 0
  m_CorrespondingSourceObject: {fileID: 0}
  m_PrefabInstance: {fileID: 0}
  m_PrefabAsset: {fileID: 0}
  m_GameObject: {fileID: 1651910853}
  m_Enabled: 1
  m_EditorHideFlags: 0
  m_Script: {fileID: 11500000, guid: fe87c0e1cc204ed48ad3b37840f39efc, type: 3}
  m_Name: 
  m_EditorClassIdentifier: 
  m_Material: {fileID: 0}
  m_Color: {r: 1, g: 1, b: 1, a: 1}
  m_RaycastTarget: 1
  m_RaycastPadding: {x: 0, y: 0, z: 0, w: 0}
  m_Maskable: 1
  m_OnCullStateChanged:
    m_PersistentCalls:
      m_Calls: []
  m_Sprite: {fileID: 21300000, guid: b835ed7ddb8e5ec409be140e018c4abe, type: 3}
  m_Type: 0
  m_PreserveAspect: 1
  m_FillCenter: 1
  m_FillMethod: 4
  m_FillAmount: 1
  m_FillClockwise: 1
  m_FillOrigin: 0
  m_UseSpriteMesh: 0
  m_PixelsPerUnitMultiplier: 1
--- !u!222 &1651910856
CanvasRenderer:
  m_ObjectHideFlags: 0
  m_CorrespondingSourceObject: {fileID: 0}
  m_PrefabInstance: {fileID: 0}
  m_PrefabAsset: {fileID: 0}
  m_GameObject: {fileID: 1651910853}
  m_CullTransparentMesh: 0
--- !u!1001 &1663018607
PrefabInstance:
  m_ObjectHideFlags: 0
  serializedVersion: 2
  m_Modification:
    m_TransformParent: {fileID: 194236410}
    m_Modifications:
    - target: {fileID: 505355568033282436, guid: f18400361610d5b4ebb87ff44a9e88cf, type: 3}
      propertyPath: m_RootOrder
      value: 4
      objectReference: {fileID: 0}
    - target: {fileID: 505355568033282436, guid: f18400361610d5b4ebb87ff44a9e88cf, type: 3}
      propertyPath: m_LocalScale.x
      value: 125
      objectReference: {fileID: 0}
    - target: {fileID: 505355568033282436, guid: f18400361610d5b4ebb87ff44a9e88cf, type: 3}
      propertyPath: m_LocalScale.y
      value: 125
      objectReference: {fileID: 0}
    - target: {fileID: 505355568033282436, guid: f18400361610d5b4ebb87ff44a9e88cf, type: 3}
      propertyPath: m_LocalScale.z
      value: 0.01
      objectReference: {fileID: 0}
    - target: {fileID: 505355568033282436, guid: f18400361610d5b4ebb87ff44a9e88cf, type: 3}
      propertyPath: m_LocalPosition.x
      value: 0
      objectReference: {fileID: 0}
    - target: {fileID: 505355568033282436, guid: f18400361610d5b4ebb87ff44a9e88cf, type: 3}
      propertyPath: m_LocalPosition.y
      value: 0.95
      objectReference: {fileID: 0}
    - target: {fileID: 505355568033282436, guid: f18400361610d5b4ebb87ff44a9e88cf, type: 3}
      propertyPath: m_LocalPosition.z
      value: 0
      objectReference: {fileID: 0}
    - target: {fileID: 505355568033282436, guid: f18400361610d5b4ebb87ff44a9e88cf, type: 3}
      propertyPath: m_LocalRotation.w
      value: 0.18301274
      objectReference: {fileID: 0}
    - target: {fileID: 505355568033282436, guid: f18400361610d5b4ebb87ff44a9e88cf, type: 3}
      propertyPath: m_LocalRotation.x
      value: -0.18301274
      objectReference: {fileID: 0}
    - target: {fileID: 505355568033282436, guid: f18400361610d5b4ebb87ff44a9e88cf, type: 3}
      propertyPath: m_LocalRotation.y
      value: 0.6830127
      objectReference: {fileID: 0}
    - target: {fileID: 505355568033282436, guid: f18400361610d5b4ebb87ff44a9e88cf, type: 3}
      propertyPath: m_LocalRotation.z
      value: 0.6830127
      objectReference: {fileID: 0}
    - target: {fileID: 505355568033282436, guid: f18400361610d5b4ebb87ff44a9e88cf, type: 3}
      propertyPath: m_LocalEulerAnglesHint.x
      value: -90
      objectReference: {fileID: 0}
    - target: {fileID: 505355568033282436, guid: f18400361610d5b4ebb87ff44a9e88cf, type: 3}
      propertyPath: m_LocalEulerAnglesHint.y
      value: 0
      objectReference: {fileID: 0}
    - target: {fileID: 505355568033282436, guid: f18400361610d5b4ebb87ff44a9e88cf, type: 3}
      propertyPath: m_LocalEulerAnglesHint.z
      value: 150
      objectReference: {fileID: 0}
    - target: {fileID: 885153704348738366, guid: f18400361610d5b4ebb87ff44a9e88cf, type: 3}
      propertyPath: m_Name
      value: Segment (4)
      objectReference: {fileID: 0}
    m_RemovedComponents: []
  m_SourcePrefab: {fileID: 100100000, guid: f18400361610d5b4ebb87ff44a9e88cf, type: 3}
--- !u!1001 &1827321979
PrefabInstance:
  m_ObjectHideFlags: 0
  serializedVersion: 2
  m_Modification:
    m_TransformParent: {fileID: 194236410}
    m_Modifications:
    - target: {fileID: 505355568033282436, guid: f18400361610d5b4ebb87ff44a9e88cf, type: 3}
      propertyPath: m_RootOrder
      value: 6
      objectReference: {fileID: 0}
    - target: {fileID: 505355568033282436, guid: f18400361610d5b4ebb87ff44a9e88cf, type: 3}
      propertyPath: m_LocalScale.x
      value: 125
      objectReference: {fileID: 0}
    - target: {fileID: 505355568033282436, guid: f18400361610d5b4ebb87ff44a9e88cf, type: 3}
      propertyPath: m_LocalScale.y
      value: 125
      objectReference: {fileID: 0}
    - target: {fileID: 505355568033282436, guid: f18400361610d5b4ebb87ff44a9e88cf, type: 3}
      propertyPath: m_LocalScale.z
      value: 0.01
      objectReference: {fileID: 0}
    - target: {fileID: 505355568033282436, guid: f18400361610d5b4ebb87ff44a9e88cf, type: 3}
      propertyPath: m_LocalPosition.x
      value: 0
      objectReference: {fileID: 0}
    - target: {fileID: 505355568033282436, guid: f18400361610d5b4ebb87ff44a9e88cf, type: 3}
      propertyPath: m_LocalPosition.y
      value: 0.95
      objectReference: {fileID: 0}
    - target: {fileID: 505355568033282436, guid: f18400361610d5b4ebb87ff44a9e88cf, type: 3}
      propertyPath: m_LocalPosition.z
      value: -0
      objectReference: {fileID: 0}
    - target: {fileID: 505355568033282436, guid: f18400361610d5b4ebb87ff44a9e88cf, type: 3}
      propertyPath: m_LocalRotation.w
      value: -0.18301265
      objectReference: {fileID: 0}
    - target: {fileID: 505355568033282436, guid: f18400361610d5b4ebb87ff44a9e88cf, type: 3}
      propertyPath: m_LocalRotation.x
      value: 0.18301265
      objectReference: {fileID: 0}
    - target: {fileID: 505355568033282436, guid: f18400361610d5b4ebb87ff44a9e88cf, type: 3}
      propertyPath: m_LocalRotation.y
      value: 0.6830127
      objectReference: {fileID: 0}
    - target: {fileID: 505355568033282436, guid: f18400361610d5b4ebb87ff44a9e88cf, type: 3}
      propertyPath: m_LocalRotation.z
      value: 0.6830127
      objectReference: {fileID: 0}
    - target: {fileID: 505355568033282436, guid: f18400361610d5b4ebb87ff44a9e88cf, type: 3}
      propertyPath: m_LocalEulerAnglesHint.x
      value: -90
      objectReference: {fileID: 0}
    - target: {fileID: 505355568033282436, guid: f18400361610d5b4ebb87ff44a9e88cf, type: 3}
      propertyPath: m_LocalEulerAnglesHint.y
      value: 0
      objectReference: {fileID: 0}
    - target: {fileID: 505355568033282436, guid: f18400361610d5b4ebb87ff44a9e88cf, type: 3}
      propertyPath: m_LocalEulerAnglesHint.z
      value: 210
      objectReference: {fileID: 0}
    - target: {fileID: 885153704348738366, guid: f18400361610d5b4ebb87ff44a9e88cf, type: 3}
      propertyPath: m_Name
      value: Segment (6)
      objectReference: {fileID: 0}
    m_RemovedComponents: []
  m_SourcePrefab: {fileID: 100100000, guid: f18400361610d5b4ebb87ff44a9e88cf, type: 3}
--- !u!1 &1927123014
GameObject:
  m_ObjectHideFlags: 0
  m_CorrespondingSourceObject: {fileID: 0}
  m_PrefabInstance: {fileID: 0}
  m_PrefabAsset: {fileID: 0}
  serializedVersion: 6
  m_Component:
  - component: {fileID: 1927123015}
  - component: {fileID: 1927123016}
  - component: {fileID: 1927123017}
  m_Layer: 5
  m_Name: Content
  m_TagString: Untagged
  m_Icon: {fileID: 0}
  m_NavMeshLayer: 0
  m_StaticEditorFlags: 0
  m_IsActive: 1
--- !u!224 &1927123015
RectTransform:
  m_ObjectHideFlags: 0
  m_CorrespondingSourceObject: {fileID: 0}
  m_PrefabInstance: {fileID: 0}
  m_PrefabAsset: {fileID: 0}
  m_GameObject: {fileID: 1927123014}
  m_LocalRotation: {x: -0, y: -0, z: -0, w: 1}
  m_LocalPosition: {x: 0, y: 0, z: 0}
  m_LocalScale: {x: 1, y: 1, z: 1}
  m_Children:
  - {fileID: 71573488}
  m_Father: {fileID: 293484757}
  m_RootOrder: 0
  m_LocalEulerAnglesHint: {x: 0, y: 0, z: 0}
  m_AnchorMin: {x: 0, y: 1}
  m_AnchorMax: {x: 1, y: 1}
  m_AnchoredPosition: {x: 0, y: -0.000012810048}
  m_SizeDelta: {x: 0, y: 0}
  m_Pivot: {x: 0, y: 1}
--- !u!114 &1927123016
MonoBehaviour:
  m_ObjectHideFlags: 0
  m_CorrespondingSourceObject: {fileID: 0}
  m_PrefabInstance: {fileID: 0}
  m_PrefabAsset: {fileID: 0}
  m_GameObject: {fileID: 1927123014}
  m_Enabled: 1
  m_EditorHideFlags: 0
  m_Script: {fileID: 11500000, guid: 59f8146938fff824cb5fd77236b75775, type: 3}
  m_Name: 
  m_EditorClassIdentifier: 
  m_Padding:
    m_Left: 35
    m_Right: 35
    m_Top: 35
    m_Bottom: 35
  m_ChildAlignment: 0
  m_Spacing: 35
  m_ChildForceExpandWidth: 1
  m_ChildForceExpandHeight: 1
  m_ChildControlWidth: 0
  m_ChildControlHeight: 0
  m_ChildScaleWidth: 0
  m_ChildScaleHeight: 0
  m_ReverseArrangement: 0
--- !u!114 &1927123017
MonoBehaviour:
  m_ObjectHideFlags: 0
  m_CorrespondingSourceObject: {fileID: 0}
  m_PrefabInstance: {fileID: 0}
  m_PrefabAsset: {fileID: 0}
  m_GameObject: {fileID: 1927123014}
  m_Enabled: 1
  m_EditorHideFlags: 0
  m_Script: {fileID: 11500000, guid: 3245ec927659c4140ac4f8d17403cc18, type: 3}
  m_Name: 
  m_EditorClassIdentifier: 
  m_HorizontalFit: 0
  m_VerticalFit: 2
